@book{mohri2012foundations,
  title={Foundations of machine learning},
  author={Mohri, Mehryar and Rostamizadeh, Afshin and Talwalkar, Ameet},
  pages={7--8},
  year={2012},
  address={Cambridge, Massachusetts},
  publisher={MIT press}
}

@book{russell1995artificial,
  title={Artificial intelligence: a modern approach},
  author={Russell, Stuart and Norvig, Peter},
  pages={16--27},
  year={1995},
  address={Englewood Cliffs, New Jersey},
  publisher={Alan Apt}
}

@book{liu2012sentiment,
  title={Sentiment analysis and opinion mining},
  author={Liu, Bing},
  pages={7--30},
  year={2012},
  address={San Rafael, California},
  publisher={Morgan \& Claypool Publishers}
}

@article{furey2000support,
  title={Support vector machine classification and validation of cancer tissue samples using microarray expression data},
  author={Furey, Terrence S and Cristianini, Nello and Duffy, Nigel and Bednarski, David W and Schummer, Michel and Haussler, David},
  journal={Bioinformatics},
  volume={16},
  number={10},
  pages={906--914},
  year={2000},
  publisher={Oxford Univ Press}
}

@article{cortes1995support,
  title={Support-vector networks},
  author={Cortes, Corinna and Vapnik, Vladimir},
  journal={Machine learning},
  volume={20},
  number={3},
  pages={273--297},
  year={1995},
  publisher={Springer}
}

@article{broder1997syntactic,
  title={Syntactic clustering of the web},
  author={Broder, Andrei Z and Glassman, Steven C and Manasse, Mark S and Zweig, Geoffrey},
  journal={Computer Networks and ISDN Systems},
  volume={29},
  number={8-13},
  pages={1157--1166},
  year={1997},
  publisher={Elsevier}
}

@article{anand2016semi,
  title={Semi-supervised Aspect Based Sentiment Analysis for Movies Using Review Filtering},
  author={Anand, Deepa and Naorem, Deepan},
  journal={Procedia Computer Science},
  volume={84},
  pages={86--93},
  year={2016},
  publisher={Elsevier}
}

@article{manek2016aspect,
  title={Aspect term extraction for sentiment analysis in large movie reviews using Gini Index feature selection method and SVM classifier},
  author={Manek, Asha S and Shenoy, P Deepa and Mohan, M Chandra and Venugopal, KR},
  journal={World Wide Web 2017},
  volume={20},
  number={135},
  pages={1--20},
  year={2016},
  publisher={Springer}
}

@article{simonoff2000predicting,
  title={Predicting movie grosses: Winners and losers, blockbusters and sleepers},
  author={Simonoff, Jeffrey S and Sparrow, Ilana R},
  journal={Chance},
  volume={13},
  number={3},
  pages={15--24},
  year={2000},
  publisher={Taylor \& Francis Group}
}

@article{eliashberg1997film,
  title={Film critics: Influencers or predictors?},
  author={Eliashberg, Jehoshua and Shugan, Steven M},
  journal={The Journal of Marketing},
  volume={61},
  number={2},
  pages={68--78},
  year={1997},
  publisher={American Marketing Association}
}

@misc{pouransari2014deep,
  title={Deep learning for sentiment analysis of movie reviews},
  author={Pouransari, Hadi and Ghili, Saman},
  year={2014},
  howpublished={\url{https://cs224d.stanford.edu/reports/PouransariHadi.pdf}},
  note={Accessed: June 2017}
}

@inproceedings{maas2011learning,
  title={Learning word vectors for sentiment analysis},
  author={Maas, Andrew L and Daly, Raymond E and Pham, Peter T and Huang, Dan and Ng, Andrew Y and Potts, Christopher},
  booktitle={Proceedings of the 49th Annual Meeting of the Association for Computational Linguistics: Human Language Technologies-Volume 1},
  pages={142--150},
  year={2011},
  organization={Association for Computational Linguistics}
}

@inproceedings{dave2003mining,
  title={Mining the peanut gallery: Opinion extraction and semantic classification of product reviews},
  author={Dave, Kushal and Lawrence, Steve and Pennock, David M},
  booktitle={Proceedings of the 12th international conference on World Wide Web},
  pages={519--528},
  year={2003},
  organization={ACM}
}

@inproceedings{zhuang2006movie,
  title={Movie review mining and summarization},
  author={Zhuang, Li and Jing, Feng and Zhu, Xiao-Yan},
  booktitle={Proceedings of the 15th ACM international conference on Information and knowledge management},
  pages={43--50},
  year={2006},
  organization={ACM}
}

@inproceedings{chaovalit2005movie,
  title={Movie review mining: A comparison between supervised and unsupervised classification approaches},
  author={Chaovalit, Pimwadee and Zhou, Lina},
  booktitle={System Sciences, 2005. HICSS'05. Proceedings of the 38th Annual Hawaii International Conference on},
  pages={112c--112c},
  year={2005},
  organization={IEEE}
}

@inproceedings{pang2002thumbs,
  title={Thumbs up?: sentiment classification using machine learning techniques},
  author={Pang, Bo and Lee, Lillian and Vaithyanathan, Shivakumar},
  booktitle={Proceedings of the ACL-02 conference on Empirical methods in natural language processing-Volume 10},
  pages={79--86},
  year={2002},
  organization={Association for Computational Linguistics}
}

@inproceedings{turney2002thumbs,
  title={Thumbs up or thumbs down?: semantic orientation applied to unsupervised classification of reviews},
  author={Turney, Peter D},
  booktitle={Proceedings of the 40th annual meeting on association for computational linguistics},
  pages={417--424},
  year={2002},
  organization={Association for Computational Linguistics}
}

@inproceedings{huang2003comparing,
  title={Comparing naive Bayes, decision trees, and SVM with AUC and accuracy},
  author={Huang, Jin and Lu, Jingjing and Ling, Charles X},
  booktitle={Data Mining, 2003. ICDM 2003. Third IEEE International Conference on},
  pages={553--556},
  year={2003},
  organization={IEEE}
}

@inproceedings{wang2012baselines,
  title={Baselines and bigrams: Simple, good sentiment and topic classification},
  author={Wang, Sida and Manning, Christopher D},
  booktitle={Proceedings of the 50th Annual Meeting of the Association for Computational Linguistics: Short Papers-Volume 2},
  pages={90--94},
  year={2012},
  organization={Association for Computational Linguistics}
}

@inproceedings{yu2011aspect,
  title={Aspect ranking: identifying important product aspects from online consumer reviews},
  author={Yu, Jianxing and Zha, Zheng-Jun and Wang, Meng and Chua, Tat-Seng},
  booktitle={Proceedings of the 49th Annual Meeting of the Association for Computational Linguistics: Human Language Technologies-Volume 1},
  pages={1496--1505},
  year={2011},
  organization={Association for Computational Linguistics}
}